<record><leader>00000cas a22000007a 4500</leader><controlfield tag="001">37106672</controlfield><controlfield tag="008">970612d19851987cauwr ne      0    0eng d</controlfield><datafield ind1=" " ind2=" " tag="010"><subfield code="a">sn 97060396 </subfield></datafield><datafield ind1=" " ind2=" " tag="040"><subfield code="a">CNK</subfield><subfield code="b">eng</subfield><subfield code="c">CNK</subfield><subfield code="d">OCLCQ</subfield></datafield><datafield ind1=" " ind2=" " tag="042"><subfield code="a">msc</subfield></datafield><datafield ind1="0" ind2="0" tag="245"><subfield code="a">Ocean-Mission-Pacific Beach star-news.</subfield></datafield><datafield ind1="1" ind2=" " tag="246"><subfield code="i">Issues for Dec. 25, 1986-Jan. 8, 1987 published as:</subfield><subfield code="a">Star news</subfield></datafield><datafield ind1=" " ind2=" " tag="260"><subfield code="a">San Diego, CA :</subfield><subfield code="b">San Diego Sentinel Pub.</subfield></datafield><datafield ind1=" " ind2=" " tag="300"><subfield code="a">v.</subfield></datafield><datafield ind1=" " ind2=" " tag="310"><subfield code="a">Weekly</subfield></datafield><datafield ind1="0" ind2=" " tag="362"><subfield code="a">Vol. 57, no. 1 (Jan. 2, 1984 [i.e. 1985])-v. 59, no. 3 (Jan. 15, 1987).</subfield></datafield><datafield ind1=" " ind2=" " tag="752"><subfield code="a">United States</subfield><subfield code="b">California</subfield><subfield code="c">San Diego</subfield><subfield code="d">San Diego.</subfield></datafield><datafield ind1="1" ind2=" " tag="775"><subfield code="t">Clairemont Linda Vista star-news</subfield><subfield code="w">(DLC)sn 97060397</subfield></datafield><datafield ind1="1" ind2=" " tag="775"><subfield code="t">Mira Mesa Scripps Ranch star-news</subfield><subfield code="w">(DLC)sn 97060395</subfield></datafield><datafield ind1="0" ind2="0" tag="780"><subfield code="t">Beach press</subfield><subfield code="w">(DLC)sn 97069545</subfield></datafield></record>